<?xml version="1.0" encoding="UTF-8"?><record xmlns="http://www.loc.gov/MARC21/slim" xmlns:cinclude="http://apache.org/cocoon/include/1.0" xmlns:zs="http://www.loc.gov/zing/srw/">
  <leader>00738nz  a2200169n  4500</leader>
  <controlfield tag="001">nr 98001446 </controlfield>
  <controlfield tag="003">DLC</controlfield>
  <controlfield tag="005">19980225051444.3</controlfield>
  <controlfield tag="008">980114n| acannaab|          |a ana     c</controlfield>
  <datafield tag="010" ind1=" " ind2=" ">
    <subfield code="a">nr 98001446 </subfield>
  </datafield>
  <datafield tag="040" ind1=" " ind2=" ">
    <subfield code="a">NN-PD</subfield>
    <subfield code="c">NN-PD</subfield>
  </datafield>
  <datafield tag="110" ind1="2" ind2="0">
    <subfield code="a">Chicago Opera Ballet</subfield>
  </datafield>
  <datafield tag="410" ind1="2" ind2="0">
    <subfield code="a">Ruth Page's Chicago Opera Ballet</subfield>
  </datafield>
  <datafield tag="670" ind1=" " ind2=" ">
    <subfield code="a">Page, R. Papers, 1956-1965</subfield>
    <subfield code="b">(Chicago Opera Ballet)</subfield>
  </datafield>
  <datafield tag="670" ind1=" " ind2=" ">
    <subfield code="a">Page, R. Page by Page, c1978:</subfield>
    <subfield code="b">p. 41 etc. (Chicago Opera Ballet)</subfield>
  </datafield>
  <datafield tag="670" ind1=" " ind2=" ">
    <subfield code="a">Its Programs</subfield>
    <subfield code="b">(Chicago Opera Ballet; Ruth Page's Chicago Opera Ballet; both names appear on some programs)</subfield>
  </datafield>
  <datafield tag="670" ind1=" " ind2=" ">
    <subfield code="a">International dict. of ballet, c1993:</subfield>
    <subfield code="b">v. 2, p. 167, under Page, Ruth (Ruth Page's Chicago Opera Ballet, the expanded dance company of Chicago's Lyric Opera)</subfield>
  </datafield>
</record>